% ------------------------------------------------------------------------
% SAMPLE BIBLIOGRAPHY FILE
% ------------------------------------------------------------------------

@MISC{prime-number-theorem,
   author = "Charles Louis Xavier Joseph de la Vall{\'e}e Poussin",
   note = "A strong form of the prime number theorem, 19th century" }

% ------------------------------------------------------------------------

@BOOK{texbook,
   author = "Donald E. Knuth",
   title= "The {{\TeX}book}",
   publisher = "Addison-Wesley",
   year = 1984 }

@BOOK{latex,
   author = "Leslie Lamport",
   title = "{\LaTeX:} {A} Document Preparation System",
   publisher = "Addison-Wesley",
   year = 1986 }

% ------------------------------------------------------------------------

@BOOK{RR73,
 author={H. Radjavi and P. Rosenthal},
 title={Invariant {Subspaces}},
 publisher={Springer-Verlag},
 address={New York},
 year={1973},
}

@BOOK{Aup91,
 author={B. Aupetit},
 title={A {Primer} on {Spectral} {Theory}},
 publisher={Springer-Verlag},
 address={New York},
 year={1991},
}

@BOOK{Dou72,
 author={R. G. Douglas},
 title={Banach {Algebra} {Techniques} in {Operator} {Theory}},
 publisher={Academic Press},
 address={New York},
 year={1972},
}

@BOOK{Hal82,
 author={P. R. Halmos},
 title={A {Hilbert} {Space} {Problem} {Book}},
 edition={Second},
 publisher={Springer-Verlag},
 address={New York},
 year={1982},
}

@BOOK{Rud73,
 author={W. Rudin},
 title={Functional {Analysis}},
 publisher={McGraw-Hill},
 address={New York},
 year={1973},
}

@BOOK{Con90,
 author={J. B. Conway},
 title={A {Course} in {Functional} {Analysis}},
 edition={Second},
 publisher={Springer-Verlag},
 address={New York},
 year={1990},
}

@BOOK{Con78,
 author={J. B. Conway},
 title={Functions of {One} {Complex} {Variable}},
 publisher={Springer-Verlag},
 address={New York},
 year={1978},
}

@BOOK{KR83,
 author={R. V. Kadison and J. R. Ringrose},
 title={Fundamentals of the {Theory} of {Operator} {Algebras},
        {Part} {I}},
 publisher={Academic Press},
 address={New York},
 year={1983},
}

@BOOK{KR86,
 author={R. V. Kadison and J. R. Ringrose},
 title={Fundamentals of the {Theory} of {Operator} {Algebras},
        {Part} {II}},
 publisher={Academic Press},
 address={New York},
 year={1986},
}

@INBOOK{SFPT,
 author={N. Dunford and J. T. Schwartz},
 title={Linear {Operators},
        {Part} {I}: {General} {Theory}},
 pages={456},
 publisher={Interscience},
 address={New York},
 year={1957},
}

@BOOK{DS57,
 author={N. Dunford and J. T. Schwartz},
 title={Linear {Operators},
        {Part} {I}: {General} {Theory}},
 publisher={Interscience},
 address={New York},
 year={1957},
}

@BOOK{Gan59,
 author={F. R. Gantmacher},
 title={Applications of the {Theory} of {Matrices}},
 publisher={Interscience},
 address={New York},
 year={1959},
}

@BOOK{Pau86,
 author={Vern I. Paulsen},
 title={Completely bounded maps and dilations},
 series={Pitman Research Notes in Mathematics Series},
 volume={146},
 publisher={Longman Scientific \& Technical},
 address={Harlow UK},
 year={1986},
}

@BOOK{Dav88,
 author={Kenneth R. Davidson},
 title={Nest algebras},
 series={Pitman Research Notes in Mathematics Series},
 volume={191},
 publisher={Longman Scientific \& Technical},
 address={Harlow UK},
 year={1988},
}

@BOOK{Spi65,
 author={Michael Spivak},
 title={Calculus on {Manifolds}},
 publisher={The Benjamin/Cummings Publishing Company},
 address={New York},
 year={1965},
}

@BOOK{Dev68,
 author={Allen Devinaz},
 title={Advanced {Calculus}},
 publisher={Holt, Rinehart and Winston},
 address={New York},
 year={1968},
}

@BOOK{Gam90,
 editor={R. V. Gamkerlidze},
 title={Analysis {I}{I}: {Convex} {Analysis} and
        {Approximation} {Theory}},
 series={Encyclopaedia of Mathematical Sciences},
 volume={14},
 publisher={Springer-Verlag},
 address={New York},
 year={1990},
}

@BOOK{Hen93,
 author={Peter Henderson},
 title={Object-oriented specification and design with {C}$++$},
 publisher={McGraw-Hill},
 address={London},
 year={1993},
}

% ------------------------------------------------------------------------

@ARTICLE{Rea85,
 author={C. J. Read},
 title={A solution to the invariant subspace problem on the space $l_1$},
 journal={Bull. London Math. Soc.},
 volume={17},
 year={1985},
 pages={305-317},
}

@ARTICLE{Enf87,
 author={P. Enflo},
 title={On the invariant subspaces problem for {Banach} spaces},
 journal={Acta. Math.},
 note={Seminare Maurey-Schwartz (1975-1976)},
 volume={158},
 year={1987},
 pages={213-313},
}

@ARTICLE{Dau75,
 author={J. Daughtry},
 title={An invariant subspace theorem},
 journal={Proc. Amer. Math. Soc.},
 volume={49},
 year={1975},
 pages={267-268},
}

@ARTICLE{KPS75,
 author={H. W. Kim and C. Pearcy and A. L. Shields},
 title={Rank-One Commutators and Hyperinvariant Subspaces},
 journal={Michigan Math. J.},
 volume={22},
 number={3},
 year={1975},
 pages={193-194},
}

% --------------------------------------------------------------------------

@ARTICLE{Rad87,
 author={H. Radjavi},
 title={The {Engel}-{Jacobson} {Theorem} {Revisited}},
 journal={J. Alg.},
 volume={111},
 year={1987},
 pages={427-430},
}

@ARTICLE{MOR91,
 author={B. Mathes and M. Omladi\v{c} and H. Radjavi},
 title={Linear {Spaces} of {Nilpotent} {Operators}},
 journal={Linear Algebra Appl.},
 volume={149},
 year={1991},
 pages={215-225},
}

@ARTICLE{Lom73,
 author={V. I. Lomonosov},
 title={Invariant subspaces for operators commuting with compact
        operators},
 journal={Functional Anal. Appl.},
 volume=7,
 year=1973,
 pages="213-214",
}

@ARTICLE{Lom91,
 author={V. I. Lomonosov},
 title={An extension of {Burnside}'s theorem to infinite
        dimensional spaces},
 journal={Israel J. Math},
 volume=75,
 year=1991,
 pages="329-339",
}

@ARTICLE{Lom92,
 author={V. I. Lomonosov},
 title={On {Real} {Invariant} {Subspaces} of {Bounded} {Operators} with
       {Compact} {Imaginary} {Part}},
 journal={Proc. Amer. Math. Soc.},
 volume=115,
 number=3,
 month=jul,
 year=1992,
 pages="775-777",
}

@ARTICLE{dB59,
 author={L. de Branges},
 title={The {Stone}-{Weierstrass} {Theorem}},
 journal={Proc. Amer. Math. Soc.},
 volume=10,
 year=1959,
 pages="822-824",
}

@ARTICLE{dB93,
 author={L. de Branges},
 title={A construction of invariant subspaces},
 journal={Math. Nachr.},
 volume=163,
 year=1993,
 pages="163-175",
}

@ARTICLE{AAB95,
 author={Y. A. Abramovich and C. D. Aliprantis and O. Burkinshaw},
 title={Another Characterization of the Invariant Subspace Problem},
 journal={Operator Theory in Function Spaces and Banach Lattices.
          {\em The A.C.\,Zaanen Anniversary Volume},
          Operator Theory: Advances and Applications},
 volume={75},
 year={1995},
 pages={15-31},
 note={Birkh\"auser Verlag},
}

@ARTICLE{LM65,
 author={Ju. I. Ljubi\v{c} and V. I. Macaev},
 title={On Operators with a Separable Spectrum},
 journal={Amer. Math. Soc. Transl. (2)},
 volume={47},
 year={1965},
 pages={89-129},
}

% ------------------------------------------------------------------------

@MASTERSTHESIS{Sim90,
 author={A. Simoni\v{c}},
 title={Grupe Operatorjev s Pozitivnim Spektrom},
 school={Univerza v Ljubljani, FNT, Oddelek za Matematiko},
 year={1990},
}

@UNPUBLISHED{Sim91,
 author={A. Simoni\v{c}},
 title={Notes on {Subharmonic} {Functions}},
 note={Lecture Notes, Dalhousie University,
       Department of Mathematics, Statistics, \& Computing Science},
 year={1991},
}

@ARTICLE{Sim92,
 author={A. Simoni\v{c}},
 title={Matrix {Groups} with {Positive} {Spectra}},
 journal={Linear Algebra Appl.},
 volume={173},
 year={1992},
 pages={57-76},
}

@PHDTHESIS{Sim94,
 author={A. Simoni\v{c}},
 title={An {Extension} of {Lomonosov's} {Techniques} to {Non}-{Compact}
       {Operators}},
 school={Dalhousie University,
         Department of Mathematics, Statistics, \& Computing Science},
 year={1994},
}

@ARTICLE{Sim096a,
 author={A. Simoni\v{c}},
 title={A {Construction} of {Lomonosov} {Functions} and
       {Applications} to the {Invariant} {Subspace} {Problem}},
 journal={Pacific J. Math.},
 volume={175},
 pages={257-270},
 year={1996},
}

@ARTICLE{Sim96b,
 author={A. Simoni\v{c}},
 title={An extension of {Lomonosov's} {Techniques} to non-compact
       {Operators}},
 journal={Trans. Amer. Math. Soc.},
 volume={348},
 pages={975-995},
 year={1996},
}

@inproceedings{Wang08,
author = {W. Wang},
title = {Some fundamental issues in ensemble methods},
booktitle = {IEEE World Congress on Computational Intelligence},
year = {2008},
date = {June},
pages = {2243-2250},
doi={10.1109/IJCNN.2008.4634108}, 
ISSN={2161-4393},
}

@misc{Wang_TrainDelayPrediction,
	Author = {Wang, Wenjia and Parr, Gerard},
	title = {Intelligence Ensemble System for Predicting and Preventing Train Delays},
	year = {2019},
    url = {https://www.uea.ac.uk/web/groups-and-centres/train-delay-prediction},
	note = {Accessed on 24/08/2020}
}


% ------------------------------------------------------------------------

@inproceedings{Rasool2018SchizophreniaAO,
  title={Schizophrenia: An overview},
  author={Shahid Rasool and Muhammad ZeeshanZafar and Zulfiqar Ali and Alia Erum},
  year={2018},
  url={https://api.semanticscholar.org/CorpusID:55186189}
}

@article{pearlson2000neurobiology,
  title={Neurobiology of schizophrenia},
  author={Pearlson, Godfrey D},
  journal={Annals of Neurology: Official Journal of the American Neurological Association and the Child Neurology Society},
  volume={48},
  number={4},
  pages={556--566},
  year={2000},
  publisher={Wiley Online Library}
}
@inproceedings{wang2020predicting,
  title={On predicting relapse in schizophrenia using mobile sensing in a randomized control trial},
  author={Wang, Rui and Wang, Weichen and Obuchi, Mikio and Scherer, Emily and Brian, Rachel and Ben-Zeev, Dror and Choudhury, Tanzeem and Kane, John and Hauser, Martar and Walsh, Megan and others},
  booktitle={2020 IEEE International Conference on Pervasive Computing and Communications (PerCom)},
  pages={1--8},
  year={2020},
  organization={IEEE}
}
@article{adler2020predicting,
  title={Predicting early warning signs of psychotic relapse from passive sensing data: an approach using encoder-decoder neural networks},
  author={Adler, Daniel A and Ben-Zeev, Dror and Tseng, Vincent WS and Kane, John M and Brian, Rachel and Campbell, Andrew T and Hauser, Marta and Scherer, Emily A and Choudhury, Tanzeem},
  journal={JMIR mHealth and uHealth},
  volume={8},
  number={8},
  pages={e19962},
  year={2020},
  publisher={JMIR Publications Toronto, Canada}
}
@article{canas2023counterfactual,
  title={Counterfactual explanations and predictive models to enhance clinical decision-making in schizophrenia using digital phenotyping},
  author={Canas, Juan Sebastian and Gomez, Francisco and Costilla-Reyes, Omar},
  journal={arXiv preprint arXiv:2306.03980},
  year={2023}
}
@article{mcglashan1996early,
  title={Early detection and intervention with schizophrenia: rationale},
  author={McGlashan, Thomas H and Johannessen, Jan Olav},
  journal={Schizophrenia bulletin},
  volume={22},
  number={2},
  pages={201--222},
  year={1996},
  publisher={Oxford University Press}
}
@book{kraepelin1919dementia,
  title={Dementia praecox and paraphrenia},
  author={Kraepelin, Emil},
  year={1919},
  publisher={Livingstone}
}

article{shatte2019machine,
  title={Machine learning in mental health: a scoping review of methods and applications},
  author={Shatte, Adrian BR and Hutchinson, Delyse M and Teague, Samantha J},
  journal={Psychological medicine},
  volume={49},
  number={9},
  pages={1426--1448},
  year={2019},
  publisher={Cambridge University Press}
}
@inproceedings{juliet2023investigations,
  title={Investigations on machine learning models for mental health analysis and prediction},
  author={Juliet, Sujitha and others},
  booktitle={2023 Second International Conference on Electrical, Electronics, Information and Communication Technologies (ICEEICT)},
  pages={1--7},
  year={2023},
  organization={IEEE}
}
@article{tseng2020using,
  title={Using behavioral rhythms and multi-task learning to predict fine-grained symptoms of schizophrenia},
  author={Tseng, Vincent W-S and Sano, Akane and Ben-Zeev, Dror and Brian, Rachel and Campbell, Andrew T and Hauser, Marta and Kane, John M and Scherer, Emily A and Wang, Rui and Wang, Weichen and others},
  journal={Scientific reports},
  volume={10},
  number={1},
  pages={15100},
  year={2020},
  publisher={Nature Publishing Group UK London}
}
@article{shattemachine,
  title={Machine learning in mental health: A systematic scoping review of methods and applications},
  author={Shatte, Adrian BR and Hutchinson, Delyse and Teague, Samantha},
  publisher={OSF Preprints}
}
@article{thieme2020machine,
  title={Machine learning in mental health: A systematic review of the HCI literature to support the development of effective and implementable ML systems},
  author={Thieme, Anja and Belgrave, Danielle and Doherty, Gavin},
  journal={ACM Transactions on Computer-Human Interaction (TOCHI)},
  volume={27},
  number={5},
  pages={1--53},
  year={2020},
  publisher={ACM New York, NY, USA}
}
@INPROCEEDINGS{10157385,
  author={Sankar R, Ajith and Juliet, Sujitha},
  booktitle={2023 Second International Conference on Electrical, Electronics, Information and Communication Technologies (ICEEICT)}, 
  title={Investigations on Machine Learning Models for Mental Health Analysis and Prediction}, 
  year={2023},
  volume={},
  number={},
  pages={1-7},
  keywords={Support vector machines;Measurement;Logistic regression;Machine learning algorithms;Mental health;Predictive models;Prediction algorithms;Mental health;Machine Learning;mental illness;Mental health problems;algorithms},
  doi={10.1109/ICEEICT56924.2023.10157385}}

@article{shatte2019machine,
  title={Machine learning in mental health: a scoping review of methods and applications},
  author={Shatte, Adrian BR and Hutchinson, Delyse M and Teague, Samantha J},
  journal={Psychological medicine},
  volume={49},
  number={9},
  pages={1426--1448},
  year={2019},
  publisher={Cambridge University Press}
}
@article{luo2016big,
  title={Big data application in biomedical research and health care: a literature review},
  author={Luo, Jake and Wu, Min and Gopukumar, Deepika and Zhao, Yiqing},
  journal={Biomedical informatics insights},
  volume={8},
  pages={BII--S31559},
  year={2016},
  publisher={SAGE Publications Sage UK: London, England}
}
@article{jordan2015machine,
  title={Machine learning: Trends, perspectives, and prospects},
  author={Jordan, Michael I and Mitchell, Tom M},
  journal={Science},
  volume={349},
  number={6245},
  pages={255--260},
  year={2015},
  publisher={American Association for the Advancement of Science}
}
@inproceedings{islam2017novel,
  title={A novel deep learning based multi-class classification method for Alzheimer’s disease detection using brain MRI data},
  author={Islam, Jyoti and Zhang, Yanqing},
  booktitle={Brain Informatics: International Conference, BI 2017, Beijing, China, November 16-18, 2017, Proceedings},
  pages={213--222},
  year={2017},
  organization={Springer}
}
@inproceedings{usman2020prediction,
  title={Prediction of depression using machine learning techniques: A review of existing literature},
  author={Usman, Muhammad and Haris, Syed and Fong, ACM},
  booktitle={2020 IEEE 2nd International Workshop on System Biology and Biomedical Systems (SBBS)},
  pages={1--3},
  year={2020},
  organization={IEEE}
}
@inproceedings{yadav2020predicting,
  title={Predicting depression from routine survey data using machine learning},
  author={Yadav, Shivangi and Kaim, Tanishk and Gupta, Shobhit and Bharti, Ujjwal and Priyadarshi, Prakhar},
  booktitle={2020 2nd International Conference on Advances in Computing, Communication Control and Networking (ICACCCN)},
  pages={163--168},
  year={2020},
  organization={IEEE}
}
@article{sau2017predicting,
  title={Predicting anxiety and depression in elderly patients using machine learning technology},
  author={Sau, Arkaprabha and Bhakta, Ishita},
  journal={Healthcare Technology Letters},
  volume={4},
  number={6},
  pages={238--243},
  year={2017},
  publisher={Wiley Online Library}
}
@article{haque2021detection,
  title={Detection of child depression using machine learning methods},
  author={Haque, Umme Marzia and Kabir, Enamul and Khanam, Rasheda},
  journal={PLoS one},
  volume={16},
  number={12},
  pages={e0261131},
  year={2021},
  publisher={Public Library of Science San Francisco, CA USA}
}
@article{kavitha2022early,
  title={Early-stage Alzheimer's disease prediction using machine learning models},
  author={Kavitha, C and Mani, Vinodhini and Srividhya, SR and Khalaf, Osamah Ibrahim and Tavera Romero, Carlos Andr{\'e}s},
  journal={Frontiers in public health},
  volume={10},
  pages={853294},
  year={2022},
  publisher={Frontiers Media SA}
}
@inproceedings{malik2023anxiety,
  title={Anxiety, Depression and Stress prediction among College Students using Machine Learning Algorithms},
  author={Malik, Shahid Shabeer and Khan, Aneeque},
  booktitle={2023 Second International Conference on Electrical, Electronics, Information and Communication Technologies (ICEEICT)},
  pages={1--5},
  year={2023},
  organization={IEEE}
}
@inproceedings{salunkhe2022prediction,
  title={Prediction of Alzheimer's disease using Machine Learning Algorithm},
  author={Salunkhe, Sharda Y and Chavan, Mahesh S},
  booktitle={2022 Joint International Conference on Digital Arts, Media and Technology with ECTI Northern Section Conference on Electrical, Electronics, Computer and Telecommunications Engineering (ECTI DAMT \& NCON)},
  pages={400--405},
  year={2022},
  organization={IEEE}
}

@inproceedings{leong2019prediction,
  title={Prediction of alzheimer’s disease (AD) using machine learning techniques with Boruta algorithm as feature selection method},
  author={Leong, Lee Kuok and Abdullah, Azian Azamimi},
  booktitle={Journal of Physics: Conference Series},
  volume={1372},
  number={1},
  pages={012065},
  year={2019},
  organization={IOP Publishing}
}

@inproceedings{faisal2023machine,
  title={A machine learning approach for analyzing and predicting suicidal thoughts and behaviors},
  author={Faisal, Fahim and Nishat, Mirza Muntasir and Raihan, Kazi Raine and Shafiullah, Ahmad and Ali, Sanjida},
  booktitle={2023 Fourteenth International Conference on Ubiquitous and Future Networks (ICUFN)},
  pages={43--48},
  year={2023},
  organization={IEEE}
}
@inproceedings{faisal2023machine,
  title={A machine learning approach for analyzing and predicting suicidal thoughts and behaviors},
  author={Faisal, Fahim and Nishat, Mirza Muntasir and Raihan, Kazi Raine and Shafiullah, Ahmad and Ali, Sanjida},
  booktitle={2023 Fourteenth International Conference on Ubiquitous and Future Networks (ICUFN)},
  pages={43--48},
  year={2023},
  organization={IEEE}
}
@inproceedings{wang2016crosscheck,
  title={CrossCheck: toward passive sensing and detection of mental health changes in people with schizophrenia},
  author={Wang, Rui and Aung, Min SH and Abdullah, Saeed and Brian, Rachel and Campbell, Andrew T and Choudhury, Tanzeem and Hauser, Marta and Kane, John and Merrill, Michael and Scherer, Emily A and others},
  booktitle={Proceedings of the 2016 ACM international joint conference on pervasive and ubiquitous computing},
  pages={886--897},
  year={2016}
}
@article{wang2017predicting,
  title={Predicting symptom trajectories of schizophrenia using mobile sensing},
  author={Wang, Rui and Wang, Weichen and Aung, Min SH and Ben-Zeev, Dror and Brian, Rachel and Campbell, Andrew T and Choudhury, Tanzeem and Hauser, Marta and Kane, John and Scherer, Emily A and others},
  journal={Proceedings of the ACM on Interactive, Mobile, Wearable and Ubiquitous Technologies},
  volume={1},
  number={3},
  pages={1--24},
  year={2017},
  publisher={ACM New York, NY, USA}
}
@inproceedings{wang2020predicting,
  title={On predicting relapse in schizophrenia using mobile sensing in a randomized control trial},
  author={Wang, Rui and Wang, Weichen and Obuchi, Mikio and Scherer, Emily and Brian, Rachel and Ben-Zeev, Dror and Choudhury, Tanzeem and Kane, John and Hauser, Martar and Walsh, Megan and others},
  booktitle={2020 IEEE International Conference on Pervasive Computing and Communications (PerCom)},
  pages={1--8},
  year={2020},
  organization={IEEE}
}
@inproceedings{wang2020predicting,
  title={On predicting relapse in schizophrenia using mobile sensing in a randomized control trial},
  author={Wang, Rui and Wang, Weichen and Obuchi, Mikio and Scherer, Emily and Brian, Rachel and Ben-Zeev, Dror and Choudhury, Tanzeem and Kane, John and Hauser, Martar and Walsh, Megan and others},
  booktitle={2020 IEEE International Conference on Pervasive Computing and Communications (PerCom)},
  pages={1--8},
  year={2020},
  organization={IEEE}
}
@article{adler2020predicting,
  title={Predicting early warning signs of psychotic relapse from passive sensing data: an approach using encoder-decoder neural networks},
  author={Adler, Daniel A and Ben-Zeev, Dror and Tseng, Vincent WS and Kane, John M and Brian, Rachel and Campbell, Andrew T and Hauser, Marta and Scherer, Emily A and Choudhury, Tanzeem},
  journal={JMIR mHealth and uHealth},
  volume={8},
  number={8},
  pages={e19962},
  year={2020},
  publisher={JMIR Publications Toronto, Canada}
}
@article{adler2022machine,
  title={Machine learning for passive mental health symptom prediction: Generalization across different longitudinal mobile sensing studies},
  author={Adler, Daniel A and Wang, Fei and Mohr, David C and Choudhury, Tanzeem},
  journal={Plos one},
  volume={17},
  number={4},
  pages={e0266516},
  year={2022},
  publisher={Public Library of Science San Francisco, CA USA}
}
@article{lamichhane2022psychotic,
  title={Psychotic Relapse prediction in schizophrenia patients using a mobile sensing-based supervised deep learning model},
  author={Lamichhane, Bishal and Zhou, Joanne and Sano, Akane},
  journal={arXiv preprint arXiv:2205.12225},
  year={2022}
}
@article{zhou2022psychotic,
  title={Psychotic Relapse in Schizophrenia: Routine Clustering of Mobile Sensor Data Facilitates Relapse Prediction (Preprint)},
  author={Zhou, Joanne and Lamichhane, Bishal and Ben-Zeev, Dror and Campbell, Andrew and Sano, Akane},
  journal={JMIR mHealth and uHealth},
  year={2022}
}
@article{talaei2019predictive,
  title={A predictive analytics framework for identifying patients at risk of developing multiple medical complications caused by chronic diseases},
  author={Talaei-Khoei, Amir and Tavana, Madjid and Wilson, James M},
  journal={Artificial Intelligence in Medicine},
  volume={101},
  pages={101750},
  year={2019},
  publisher={Elsevier}
}
@inproceedings{abdillah2021comparative,
  title={Comparative Study of Single-task and Multi-task Learning on Research Protocol Document Classification},
  author={Abdillah, Abid Famasya and Hamidi, Mohammad Zaenuddin and Anggraeni, Ratih Nur Esti and Sarno, Riyanarto},
  booktitle={2021 13th International Conference on Information \& Communication Technology and System (ICTS)},
  pages={213--217},
  year={2021},
  organization={IEEE}
}
@article{ma2018classification,
  title={Classification of multi-site MR images in the presence of heterogeneity using multi-task learning},
  author={Ma, Qiongmin and Zhang, Tianhao and Zanetti, Marcus V and Shen, Hui and Satterthwaite, Theodore D and Wolf, Daniel H and Gur, Raquel E and Fan, Yong and Hu, Dewen and Busatto, Geraldo F and others},
  journal={NeuroImage: Clinical},
  volume={19},
  pages={476--486},
  year={2018},
  publisher={Elsevier}
}
@article{ma2018classification,
  title={Classification of multi-site MR images in the presence of heterogeneity using multi-task learning},
  author={Ma, Qiongmin and Zhang, Tianhao and Zanetti, Marcus V and Shen, Hui and Satterthwaite, Theodore D and Wolf, Daniel H and Gur, Raquel E and Fan, Yong and Hu, Dewen and Busatto, Geraldo F and others},
  journal={NeuroImage: Clinical},
  volume={19},
  pages={476--486},
  year={2018},
  publisher={Elsevier}
}
@article{wang2022using,
  title={Using Regularized Multi-Task Learning for Schizophrenia MRI Data Classification},
  author={Wang, Yu and Shi, Jiantong and Xiao, Hongbing},
  journal={Journal of Integrative Neuroscience},
  volume={21},
  number={4},
  pages={119},
  year={2022},
  publisher={IMR Press}
}
@article{cao2018comparative,
  title={Comparative evaluation of machine learning strategies for analyzing big data in psychiatry},
  author={Cao, Han and Meyer-Lindenberg, Andreas and Schwarz, Emanuel},
  journal={International journal of molecular sciences},
  volume={19},
  number={11},
  pages={3387},
  year={2018},
  publisher={MDPI}
}
@article{tseng2020using,
  title={Using behavioral rhythms and multi-task learning to predict fine-grained symptoms of schizophrenia},
  author={Tseng, Vincent W-S and Sano, Akane and Ben-Zeev, Dror and Brian, Rachel and Campbell, Andrew T and Hauser, Marta and Kane, John M and Scherer, Emily A and Wang, Rui and Wang, Weichen and others},
  journal={Scientific reports},
  volume={10},
  number={1},
  pages={15100},
  year={2020},
  publisher={Nature Publishing Group UK London}
}

@article{tibshirani1996regression,
  title={Regression shrinkage and selection via the lasso},
  author={Tibshirani, Robert},
  journal={Journal of the Royal Statistical Society Series B: Statistical Methodology},
  volume={58},
  number={1},
  pages={267--288},
  year={1996},
  publisher={Oxford University Press}
}
@article{zhou2011malsar,
  title={Malsar: Multi-task learning via structural regularization},
  author={Zhou, Jiayu and Chen, Jianhui and Ye, Jieping},
  journal={Arizona State University},
  volume={21},
  pages={1--50},
  year={2011},
  publisher={Citeseer}
}
@article{james2020global,
  title={The global burden of falls: global, regional and national estimates of morbidity and mortality from the Global Burden of Disease Study 2017},
  author={James, Spencer L and Lucchesi, Lydia R and Bisignano, Catherine and Castle, Chris D and Dingels, Zachary V and Fox, Jack T and Hamilton, Erin B and Henry, Nathaniel J and Krohn, Kris J and Liu, Zichen and others},
  journal={Injury prevention},
  volume={26},
  number={Suppl 2},
  pages={i3--i11},
  year={2020},
  publisher={BMJ Publishing Group Ltd}
}
@article{nie2010efficient,
  title={Efficient and robust feature selection via joint ℓ2, 1-norms minimization},
  author={Nie, Feiping and Huang, Heng and Cai, Xiao and Ding, Chris},
  journal={Advances in neural information processing systems},
  volume={23},
  year={2010}
}
@article{willmott2005advantages,
  title={Advantages of the mean absolute error (MAE) over the root mean square error (RMSE) in assessing average model performance},
  author={Willmott, Cort J and Matsuura, Kenji},
  journal={Climate research},
  volume={30},
  number={1},
  pages={79--82},
  year={2005}
}
@article{hyndman2006another,
  title={Another look at measures of forecast accuracy},
  author={Hyndman, Rob J and Koehler, Anne B},
  journal={International journal of forecasting},
  volume={22},
  number={4},
  pages={679--688},
  year={2006},
  publisher={Elsevier}
}
@article{chai2014root,
  title={Root mean square error (RMSE) or mean absolute error (MAE)?--Arguments against avoiding RMSE in the literature},
  author={Chai, Tianfeng and Draxler, Roland R},
  journal={Geoscientific model development},
  volume={7},
  number={3},
  pages={1247--1250},
  year={2014},
  publisher={Copernicus Publications G{\"o}ttingen, Germany}
}
@article{siegel1957nonparametric,
  title={Nonparametric statistics},
  author={Siegel, Sidney},
  journal={The American Statistician},
  volume={11},
  number={3},
  pages={13--19},
  year={1957},
  publisher={Taylor \& Francis}
}

@article{jacobi2023rmse,
  title={A Practical Guide to Root Mean Square Error (RMSE)},
  author={Jacobi, Or},
  journal={Aporia},
  year={2023},
  url={https://www.aporia.com/learn/root-mean-square-error-rmse-the-cornerstone-for-evaluating-regression-models/}
}
@article{zhang2024students,
  title={Students' Mental Health Data and Construction of Feedback System Based on Ordered Variable Regression Model},
  author={Zhang, MingJing},
  journal={Journal of Electrical Systems},
  volume={20},
  number={10s},
  pages={1--15},
  year={2024},
  url={https://journal.esrgroups.org/jes/article/view/5114},
}
@article{mayer1974procedures,
  title={Procedures for estimating standardized regression coefficients from sample data},
  author={Mayer, Lawrence S and Younger, Mary Sue},
  journal={Sociological Methods \& Research},
  volume={2},
  number={4},
  pages={431--453},
  year={1974},
  publisher={Sage Publications Sage CA: Thousand Oaks, CA}
}
@article{mathur2023generalized,
  title={Generalized Linear Models via the Lasso: To Scale or Not to Scale?},
  author={Mathur, Anant and Moka, Sarat and Botev, Zdravko},
  journal={arXiv preprint arXiv:2311.11236},
  year={2023}
}
@inproceedings{kolluri2020reducing,
  title={Reducing overfitting problem in machine learning using novel L1/4 regularization method},
  author={Kolluri, Johnson and Kotte, Vinay Kumar and Phridviraj, MSB and Razia, Shaik},
  booktitle={2020 4th international conference on trends in electronics and informatics (ICOEI)(48184)},
  pages={934--938},
  year={2020},
  organization={IEEE}
}
@article{gehan1965generalized,
  title={A generalized Wilcoxon test for comparing arbitrarily singly-censored samples},
  author={Gehan, Edmund A},
  journal={Biometrika},
  volume={52},
  number={1-2},
  pages={203--224},
  year={1965},
  publisher={Oxford University Press}
}
@article{ajiboye2015evaluating,
  title={Evaluating the effect of dataset size on predictive model using supervised learning technique},
  author={Ajiboye, AR and Abdullah-Arshah, Ruzaini and Qin, H and Isah-Kebbe, H and others},
  journal={Int. J. Comput. Syst. Softw. Eng},
  volume={1},
  number={1},
  pages={75--84},
  year={2015}
}